@misc {CHANDLER:2000,
    TITLE           = "Mounting board for guitar effects",
    AUTHOR          = "Chandler, John",
    NOTE            = "US Patent 6459023",
    URL             = "https://patents.google.com/patent/US6459023?oq=us6459023b1",
    YEAR            = "2000",
    MONTH           = "September"
}

@misc {PEDALTRAINSITE,
    TITLE           = "Pedaltrain",
    HOWPUBLISHED    = "https://pedaltrain.com/",
    note            = "Accessed: 2018-09-10"
}

@misc {TRIFILIO:2017,
    TITLE           = "Adjustable guitar effects pedalboard",
    AUTHOR          = "Trifilio, Chrisitan R.",
    NOTE            = "US Patent 20170098438",
    URL             = "https://patents.google.com/patent/US20170098438A1/en?oq=us20170098438a1",
    YEAR            = "2017",
    MONTH           = "April"
}

@misc {HOLEYBOARDSITE,
    TITLE           = "How They Work",
    HOWPUBLISHED    = "https://www.chemistrydesignwerks.com/how-it-works/",
    note            = "Accessed: 2018-09-10"
}

@misc {EARTHBOARDSITE,
    TITLE           = "Earth Board",
    AUTHOR          = "Rare Earth Music LLC",
    HOWPUBLISHED    = "https://earthboardmusic.com/",
    note            = "Accessed: 2018-09-10"
}

@misc {ABBATE:2016,
    TITLE           = "Effects pedal mounting bracket",
    AUTHOR          = "Abbate, Gregg",
    NOTE            = "US Patent 9620094",
    URL             = "https://patents.google.com/patent/US9620094B2/en",
    YEAR            = "2016",
    MONTH           = "September"
}

@misc {SPECTOR:1982,
    TITLE           = "Audio effects system and method",
    AUTHOR          = "Spector, Abner",
    NOTE            = "US Patent 4479238",
    URL             = "https://patents.google.com/patent/US4479238A/en?oq=US4479238A",
    YEAR            = "1982",
    MONTH           = "September"
}

@manual{Zarlink:MT8808,
    ORGANIZATION    = "Zarlink Semiconductor",
    TITLE           = "MT8808 ISO-CMOS 8 x 8 Analog Switch Array",
    YEAR            = "2011",
    MONTH           = "September"
}

@misc{ES100Lec3,
    TITLE           = "Engineering Design",
    AUTHOR          = "Howe, Robert",
    NOTE            = "Harvard ES-100"
}

@misc{BossDisplayPhoto,
    AUTHOR          = "user:mhuxtable",
    TITLE           = "BOSS pedal display",
    URL             = "http://a1.ec-images.myspacecdn.com/images01/71/4c44c32d9cda198ed3e15441d2439fa4/l.jpg",
    NOTE            = "Accessed from Harmony Central: 2018-09-28"    
}

@misc{ReverbMostPopular,
    AUTHOR          = "Orkin, Dan",
    TITLE           = "The Best-Selling Pedals of 2017",
    YEAR            = "2017",
    MONTH           = "November",
    URL             = "https://reverb.com/news/the-best-selling-pedals-of-2017"
}

@misc{OrmanBypassMeasurements,
    AUTHOR          = "Orman, Jack",
    TITLE           = "True Bypass Measurements",
    YEAR            = "2012",
    URL             = "http://www.muzique.com/lab/bypass.htm"
}

@misc{FAORO:2015board,
    TITLE           = "Pedalboard for a musical instrument",
    AUTHOR          = "Faoro, Franziska",
    NOTE            = "US Patent D782567S1",
    YEAR            = "2015",
    MONTH           = "September"
}

@misc{NexiIndustries,
    TITLE           = "Nexi Industries",
    AUTHOR          = "NEXI Industries",
    URL             = "https://nexi-industries.com/products/starter-pack",
    NOTE            = "Accessed: 2018-09-28"
}

@misc{FAORO:2015pedal,
    TITLE           = "Pedal for a musical instrument",
    AUTHOR          = "Faoro, Franziska",
    NOTE            = "US Patent D782566S1",
    YEAR            = "2015",
    MONTH           = "September"
}

@misc{conNEXI,
    TITLE           = "conNEXI",
    AUTHOR          = "NEXI Industries",
    URL             = "https://nexi-industries.com/products/connexi",
    NOTE            = "Accessed: 2018-09-28"
}

@misc{MyPedalData,
    TITLE           = "Pedal Dimension and Availablity Data",
    AUTHOR          = "Pham, Nicholas",
    NOTE            = "self conducted research",
    YEAR            = "2018",
    MONTH           = "September"
}